%! Author = partsjoo
%! Date = 02.12.2023

